
@book{laski2009software,
  title={{Software Verification and Analysis}},
  author={Laski, J. and Stanley, W.},
  isbn={9781848822405},
  url={http://books.google.rs/books?id=5hFnaDQ1jiAC},
  year={2009},
  publisher={Springer-Verlag},
  address = {London}
}


@book{boulanger,
  title={{Static analysis of software : the abstract interpretation}},
  author={J.-L. Boulanger},
  isbn={9781848213203},
  url={https://books.google.rs/books?id=dOGE2eZIFEAC},
  year={2011}
  publisher={Wiley},
  address = {London} 
}

@book{burn,
  title={{Lazy Functional Languages: Abstract Interpretation and Compilation}},
  author={Burn G.},
  isbn={0262521601, 9780262521604},
  url={https://books.google.rs/books?id=HTt5MAEACAA},
  year={1991}
  publisher={Pitman},
  address = {Cambridge} 
}
  
@misc{gcc,
title = {{GNU gcc}},
note = {on-line at: \url{http://gcc.gnu.org/}},
    author = {Free Software Foundation},
    year = {2013}
}


@article{haltingproblem,
    author = {Turing, A. M.},
    citeulike-article-id = {155758},
    journal = {Proceedings of the London Mathematical Society},
    keywords = {computability, entscheidungsproblem, turing},
    number = {42},
    pages = {230--265},
    posted-at = {2005-04-08 18:11:59},
    priority = {0},
    title = {{On Computable Numbers, with an application to the Entscheidungsproblem}},
    volume = {2},
    year = {1936}
}

